<record><leader>00000cas a22000007a 4500</leader><controlfield tag="001">19940435</controlfield><controlfield tag="008">890628d19851987nyuwr ne      0    0eng d</controlfield><datafield ind1=" " ind2=" " tag="010"><subfield code="a">sn 89071314 </subfield></datafield><datafield ind1=" " ind2=" " tag="040"><subfield code="a">NYG</subfield><subfield code="b">eng</subfield><subfield code="c">NYG</subfield><subfield code="d">NYS</subfield><subfield code="d">OCLCQ</subfield></datafield><datafield ind1=" " ind2=" " tag="042"><subfield code="a">msc</subfield></datafield><datafield ind1="0" ind2=" " tag="130"><subfield code="a">Herald (New Paltz, N.Y. : Highland ed.)</subfield></datafield><datafield ind1="1" ind2="0" tag="245"><subfield code="a">Herald.</subfield></datafield><datafield ind1=" " ind2=" " tag="250"><subfield code="a">Highland ed.</subfield></datafield><datafield ind1=" " ind2=" " tag="260"><subfield code="a">New Paltz, N.Y. :</subfield><subfield code="b">Ulster Pub. Co.,</subfield><subfield code="c">1985-1987.</subfield></datafield><datafield ind1=" " ind2=" " tag="300"><subfield code="a">v.</subfield></datafield><datafield ind1=" " ind2=" " tag="310"><subfield code="a">Weekly</subfield></datafield><datafield ind1="0" ind2=" " tag="362"><subfield code="a">Vol. 4, no. 45 (Nov. 7, 1985)-v. 6, no. 53 (Dec. 31, 1987).</subfield></datafield><datafield ind1=" " ind2=" " tag="580"><subfield code="a">Huguenot edition titled: Herald (New Paltz, N.Y. : Huguenot ed.) also published. The two editons merged on Jan. 7, 1988 to form: Huguenot and Highland herald.</subfield></datafield><datafield ind1=" " ind2="4" tag="651"><subfield code="a">New Paltz (N.Y.)</subfield><subfield code="v">Newspapers.</subfield></datafield><datafield ind1=" " ind2=" " tag="752"><subfield code="a">United States</subfield><subfield code="b">New York</subfield><subfield code="c">Ulster</subfield><subfield code="d">New Paltz.</subfield></datafield><datafield ind1="0" ind2="0" tag="780"><subfield code="t">Highland herald (New Paltz, N.Y.)</subfield><subfield code="w">(DLC)sn 83007177</subfield><subfield code="w">(OCoLC)9328482</subfield></datafield><datafield ind1="1" ind2="7" tag="785"><subfield code="t">Herald (New Paltz, N.Y. : Huguenot ed.)</subfield><subfield code="w">(DLC)sn 89071093</subfield><subfield code="w">(OCoLC)17515152</subfield></datafield><datafield ind1="1" ind2="7" tag="785"><subfield code="t">Huguenot and Highland herald</subfield><subfield code="w">(DLC)sn 89071315</subfield><subfield code="w">(OCoLC)17559363</subfield></datafield><datafield ind1="1" ind2=" " tag="029"><subfield code="a">AU@</subfield><subfield code="b">000020560574</subfield></datafield></record>